@article{mendesd,
  title={d. Heur{\i}stica baseada em busca tabu para o posicionamento de unidades policiais},
  author={MENDES, NFM and SANTOS, AG},
  year={2015},
  journal={Sl: sn].(XLI CLEI)}
}

@book{rico2002seguridad,
  title={Seguridad ciudadana en Am{\'e}rica Latina: hacia una pol{\'\i}tica integral},
  author={Rico, Jos{\'e} M and Chinchilla, Laura},
  year={2002},
  publisher={Siglo XXI}
}

@article{hein2005georreferenciacion,
  title={La Georreferenciaci{\'o}n como herramienta para el diagn{\'o}stico de problemas de seguridad ciudadana en el {\'a}mbito local},
  author={Hein, A},
  journal={Revista Paz Ciudadana},
  number={2},
  year={2005}
}

@booklet{ensc2014,
title={Estrategia Nacional de Seguridad Ciudadana},
organization={Rep{\'u}blica del Paraguay},
year={2014},
author={Ministerio del Interior}
}
